@misc{FubiniWiki,
  title = {Fubini's theorem},
  howpublished = {\url{https://en.wikipedia.org/wiki/Fubini%27s_theorems}},
  note = {Accessed: 2022-11-19}
}
